@online{repo,
    title = "Analysis of Yelp Open Dataset",
    url  = "https://github.com/lorenzovngl/analysis-of-yelp-open-dataset"
}

@online{yelp,
    title = "Yelp Open Dataset",
    url  = "https://www.yelp.com/dataset/"
}
