@online{yelp,
    title = "Yelp Open Dataset",
    url  = "https://www.yelp.com/dataset/"
}